%Motion-planning

@book{lavalle2006planning,
  title={Planning algorithms},
  author={LaValle, Steven M},
  year={2006},
  publisher={Cambridge university press}
}

@article{lavalle1998rapidly,
  title={Rapidly-exploring random trees: A new tool for path planning},
  author={LaValle, Steven M},
  year={1998},
  publisher={Citeseer}
}

%Tunnels

@article{yaffe2008molaxis,
  title={MolAxis: a server for identification of channels in macromolecules},
  author={Yaffe, Eitan and Fishelovitch, Dan and Wolfson, Haim J and Halperin, Dan and Nussinov, Ruth},
  journal={Nucleic acids research},
  volume={36},
  number={suppl\_2},
  pages={W210--W215},
  year={2008},
  publisher={Oxford University Press}
}

@article{sehnal2013mole,
  title={MOLE 2.0: advanced approach for analysis of biomacromolecular channels},
  author={Sehnal, David and Va{\v{r}}ekov{\'a}, Radka Svobodov{\'a} and Berka, Karel and Pravda, Luk{\'a}{\v{s}} and Navr{\'a}tilov{\'a}, Veronika and Ban{\'a}{\v{s}}, Pavel and Ionescu, Crina-Maria and Otyepka, Michal and Ko{\v{c}}a, Jaroslav},
  journal={Journal of cheminformatics},
  volume={5},
  number={1},
  pages={39},
  year={2013},
  publisher={Nature Publishing Group}
}

@article{chovancova2012caver,
  title={CAVER 3.0: a tool for the analysis of transport pathways in dynamic protein structures},
  author={Chovancova, Eva and Pavelka, Antonin and Benes, Petr and Strnad, Ondrej and Brezovsky, Jan and Kozlikova, Barbora and Gora, Artur and Sustr, Vilem and Klvana, Martin and Medek, Petr and others},
  journal={PLoS computational biology},
  volume={8},
  number={10},
  pages={e1002708},
  year={2012},
  publisher={Public Library of Science}
}